@ARTICLE{1421931, 
author={C. Beckman and G. Smith}, 
journal={IEEE Wireless Communications}, 
title={Shared networks: making wireless communication affordable}, 
year={2005}, 
volume={12}, 
number={2}, 
pages={78-85}, 
keywords={3G mobile communication;telecommunication services;3G service;UMTS network;affordable service;product life cycle model;shared network;wireless communication;3G mobile communication;Communication industry;Cost accounting;GSM;Licenses;Poles and towers;Power supplies;Radio access networks;Regulators;Wireless communication}, 
doi={10.1109/MWC.2005.1421931}, 
ISSN={1536-1284}, 
month={April},}

@ARTICLE{6824752, 
author={J. G. Andrews and S. Buzzi and W. Choi and S. V. Hanly and A. Lozano and A. C. K. Soong and J. C. Zhang}, 
journal={IEEE Journal on Selected Areas in Communications}, 
title={What Will 5G Be?}, 
year={2014}, 
volume={32}, 
number={6}, 
pages={1065-1082}, 
keywords={4G mobile communication;Long Term Evolution;cellular radio;mobile antennas;wireless LAN;4G mobile communication;5G air interface;5G mobile communication;LTE;Wi-Fi;antennas;cellular technology;core network;cost efficiency;device density;energy efficiency;extreme base station;seamless user experience;spectrum regulation;universal high-rate coverage;Bandwidth;Energy efficiency;IEEE 802.11 Standards;MIMO;Macrocell networks;Millimeter wave technology;Mobile communication;Special issues and sections;Wireless communication;Cellular systems;HetNets;energy efficiency;massive MIMO;millimeter wave;small cells}, 
doi={10.1109/JSAC.2014.2328098}, 
ISSN={0733-8716}, 
month={June},}

@ARTICLE{6553675, 
author={X. Costa-Perez and J. Swetina and T. Guo and R. Mahindra and S. Rangarajan}, 
journal={IEEE Communications Magazine}, 
title={Radio access network virtualization for future mobile carrier networks}, 
year={2013}, 
volume={51}, 
number={7}, 
pages={27-35}, 
keywords={3G mobile communication;Long Term Evolution;radio access networks;virtualisation;3GPP network sharing standardized;CAPEX burden;LTE network;NVS;OPEX burden;RAN sharing enhancement;RAN virtualization techniques;cellular network sharing;mobile carrier network virtualization;mobile traffic;network virtualization substrate;radio access network virtualization;virtualized mobile carrier network;Base stations;Mobile communication;Mobile computing;Radio access networks;Virtualization;Wireless communication}, 
doi={10.1109/MCOM.2013.6553675}, 
ISSN={0163-6804}, 
month={July},}

@ARTICLE{6571315, 
author={J. S. Panchal and R. D. Yates and M. M. Buddhikot}, 
journal={IEEE Transactions on Wireless Communications}, 
title={Mobile Network Resource Sharing Options: Performance Comparisons}, 
year={2013}, 
volume={12}, 
number={9}, 
pages={4470-4482}, 
keywords={4G mobile communication;Long Term Evolution;cellular radio;radio spectrum management;telecommunication network topology;4G LTE macrocellular network;CS;SS;VPS;VSS;aggressive sharing participation mode;capacity sharing;conservative sharing participation mode;mobile network resource sharing option;network infrastructure cost reduction;noncollocated E-UTRAN deployment topology;spectrum sharing;virtualized PRB sharing;virtualized spectrum sharing;Base stations;Mobile communication;Mobile computing;Resource management;Roaming;Virtualization;4G;LTE;Resource sharing;capacity sharing;spectrum sharing;virtualization;whitespace}, 
doi={10.1109/TWC.2013.071913.121597}, 
ISSN={1536-1276}, 
month={September},}

@ARTICLE{6737248, 
author={L. Doyle and J. Kibiłda and T. K. Forde and L. DaSilva}, 
journal={Proceedings of the IEEE}, 
title={Spectrum Without Bounds, Networks Without Borders}, 
year={2014}, 
volume={102}, 
number={3}, 
pages={351-365}, 
keywords={frequency division multiplexing;radio networks;radio spectrum management;time division multiplexing;FDD;NwoB;TDD;base stations;cloud resources;core network components;crowdsourced infrastructure;exclusive spectrum;frequency-division-duplexing;mobile networks;mobile operators;networks without borders;time-division-duplexing;user-deployed infrastructure;value-chain models;virtual network operators;wireless networks;Biological system modeling;IEEE 802.11 Standards;Mobile communication;Mobile computing;Radio access networks;Radio spectrum management;Wireless communication;Dynamic spectrum access (DSA);service-driven networks;sharing;value chain;virtual network operator}, 
doi={10.1109/JPROC.2014.2302743}, 
ISSN={0018-9219}, 
month={March},}

@INPROCEEDINGS{6554749, 
author={Dongheon Lee and S. Zhou and Z. Niu}, 
booktitle={2013 IEEE Wireless Communications and Networking Conference (WCNC)}, 
title={Spatial modeling of Scalable Spatially-correlated Log-normal distributed traffic inhomogeneity and energy-efficient network planning}, 
year={2013}, 
volume={}, 
number={}, 
pages={1285-1290}, 
keywords={cellular radio;energy conservation;log normal distribution;telecommunication network planning;telecommunication traffic;BSes;cellular networks;energy efficiency;energy-efficient heterogeneous network planning;energy-efficient network planning;inhomogeneous spatial traffic distribution;macro base stations;scalable spatially-correlated log-normal distributed traffic inhomogeneity;spatial modeling;spatial traffic distribution;spatially correlated and log-normally distributed traffic;Distribution functions;Graphical models;Load modeling;Nonhomogeneous media;Numerical models;Planning;Power demand}, 
doi={10.1109/WCNC.2013.6554749}, 
ISSN={1525-3511}, 
month={April},}

@INPROCEEDINGS{5936263, 
author={M. Michalopoulou and J. Riihijärvi and P. Mähönen}, 
booktitle={2011 IEEE International Symposium on Dynamic Spectrum Access Networks (DySPAN)}, 
title={Towards characterizing primary usage in cellular networks: A traffic-based study}, 
year={2011}, 
volume={}, 
number={}, 
pages={652-655}, 
keywords={cellular radio;radio spectrum management;telecommunication traffic;countrywide GSM cellular network;measurement-driven study;spatiotemporal traffic pattern;Base stations;Cities and towns;Correlation;GSM;Land mobile radio cellular systems;Load modeling;Switching circuits}, 
doi={10.1109/DYSPAN.2011.5936263}, 
ISSN={}, 
month={May},}

@INPROCEEDINGS{686105, 
author={U. Gotzner and R. Rathgeber}, 
booktitle={Vehicular Technology Conference, 1998. VTC 98. 48th IEEE}, 
title={Spatial traffic distribution in cellular networks}, 
year={1998}, 
volume={3}, 
number={}, 
pages={1994-1998 vol.3}, 
keywords={cellular radio;log normal distribution;radio networks;telecommunication traffic;BSC;budget planning;capacity estimates;cell splitting;cells;cellular networks;log normal distribution;network capacity;nonhomogeneities;spatial traffic distribution;standard deviations;statistical hypothesis testing;system comparisons;Capacity planning;Frequency;Gaussian distribution;Intelligent networks;Land mobile radio cellular systems;Shape;Telecommunication traffic;Testing;Traffic control}, 
doi={10.1109/VETEC.1998.686105}, 
ISSN={1090-3038}, 
month={May},}

@ARTICLE{eigenplaces,
author={J. Reades and F. Calabrese and C. Ratti},
title={Eigenplaces: analysing cities using the space - time structure
of the mobile phone network},
journal={Environment and Planning B: Planning and Design},
year={2009},
volume={36},
pages={824-836},
doi={10.1068/b34133t},
}

@BOOK{stochprogramming,
author={P. Kall and S. W. Wallace},
title={Stochastic Programming},
publisher={John Wiley and Sons},
year={1994},
}

@Misc{Cplex,
  author = {IBM},
  title = {Optimization model development toolkit for mathematical and constraint programming {(CPLEX)}},
  howpublished = {\url{http://www-03.ibm.com/software/products/en/ibmilogcpleoptistud}},
  OPTmonth     = {October},
  year         = {2012},
  OPTannote    = {}
}